% References for gathering of mobile robots

@inproceedings{GordonWB04,
  author    = {Noam Gordon and
               Israel A. Wagner and
               Alfred M. Bruckstein},
  title     = {Gathering Multiple Robotic A(ge)nts with Limited Sensing
               Capabilities},
  booktitle = {Proc. 4th International Workshop on Ant Colony Optimization and Swarm Intelligence (ANTS)},
  year      = {2004},
  pages     = {142-153},
  ee        = {http://dx.doi.org/10.1007/978-3-540-28646-2_13},
}

@article{CFPS12,
	Author = {M. Cieliebak and P. Flocchini and G. Prencipe and N. Santoro},
 	 journal="SIAM Journal on Computing",
	Title = {Distributed Computing for Mobile Robots: Gathering},
	 volume = 41,
	 number = 4,
	 pages =" 829-879",
	Year = {2012}
}

@article{FloPSW05,
	Author = {P. Flocchini and G. Prencipe and N. Santoro and P. Widmayer},
	Journal = {Theoretical Computer Science},
	Number = {1-3},
	Pages = {147--168},
	Title = {Gathering of robots with limited visibility},
	Volume = {337},
	Year = {2005},
}

@article{ando1999dmp,
  title={{Distributed memoryless point convergence algorithm for mobile robots with limited visibility}},
  author={Ando, H. and Oasa, Y. and Suzuki, I. and Yamashita, M.},
  journal={Robotics and Automation, IEEE Transactions on},
  volume={15},
  number={5},
  pages={818--828},
  year={1999}
}

@inproceedings{HsiangABFM02,
  author    = {Tien-Ruey Hsiang and
               Esther M. Arkin and
               Michael A. Bender and
               S{\'a}ndor P. Fekete and
               Joseph S. B. Mitchell},
  title     = {Algorithms for Rapidly Dispersing Robot Swarms in Unknown
               Environments},
  booktitle = {Workshop on the Algorithmic Foundations of Robotics (WAFR)},
  year      = {2002},
  pages     = {77-94},
}

@inproceedings{BarramedaDS08,
  author    = {Eduardo Mesa Barrameda and
               Shantanu Das and
               Nicola Santoro},
  title     = {Deployment of Asynchronous Robotic Sensors in Unknown Orthogonal
               Environments},
  booktitle = {Workshop on Algorithmic Aspects of Wireless Sensor Networks (ALGOSENSORS)},
  year      = {2008},
  pages     = {125-140},
}

@inproceedings{gordon08,
	Author = {N. Gordon and Y. Elor and A. M. Bruckstein},
	Booktitle = {6th International Conference on Ant Colony Optimizatin and Swarm Intelligence},
	Date-Added = {2010-02-01 17:31:08 +0100},
	Date-Modified = {2011-09-14 16:09:12 +0000},
	Pages = {72--83},
	Series = {LNCS 5217},
	Title = {Gathering Multiple Robotic Agents with Crude Distance Sensing Capabilities},
	Year = {2008},
}

